@article{1991_paper,
 ISSN = {01621459},
 URL = {http://www.jstor.org/stable/2290563},
 author = {Ker-Chau Li},
 journal = {Journal of the American Statistical Association},
 number = {414},
 pages = {316--327},
 publisher = {[American Statistical Association, Taylor & Francis, Ltd.]},
 title = {Sliced Inverse Regression for Dimension Reduction},
 volume = {86},
 year = {1991}
}


@article{tan2018convex,
  title={A convex formulation for high-dimensional sparse sliced inverse regression},
  author={Tan, Kean Ming and Wang, Zhaoran and Zhang, Tong and Liu, Han and Cook, R Dennis},
  journal={Biometrika},
  volume={105},
  number={4},
  pages={769--782},
  year={2018},
  publisher={Oxford University Press}
}

@article{zhang2011unified,
  title={A unified primal-dual algorithm framework based on Bregman iteration},
  author={Zhang, Xiaoqun and Burger, Martin and Osher, Stanley},
  journal={Journal of Scientific Computing},
  volume={46},
  number={1},
  pages={20--46},
  year={2011},
  publisher={Springer}
}

@article{朱利平2007切片逆回归的样条逼近,
  title={切片逆回归的样条逼近},
  author={朱利平 and 於州},
  journal={中国科学A辑},
  year={2007},
}

